<?xml version="1.0" encoding="UTF-8"?><collection xmlns="http://www.loc.gov/MARC21/slim"><record><leader>00549nam--2200145-i-4500</leader><controlfield tag="001">000015494</controlfield><controlfield tag="002">20161230</controlfield><controlfield tag="005">20161230201031</controlfield><controlfield tag="008">060222s1000------------r-----000-0-eng-d</controlfield><datafield ind1=" " ind2=" " tag="080"><subfield code="a">615.3(061.3)</subfield></datafield><datafield ind1=" " ind2=" " tag="245"><subfield code="a">Quantitative approaches to drug design. procee dings of the fourth wuropean symposium on che mical structure-biological activity: quantitat ive approaches, bath (u.k.) september 6-9,1982</subfield></datafield><datafield ind1=" " ind2=" " tag="260"><subfield code="a">Amsterdam, Elsevier Science Publishers, 1983. X + 296 P</subfield></datafield><datafield ind1=" " ind2=" " tag="490"><subfield code="a">Pharmacochemistry Library</subfield></datafield><datafield ind1=" " ind2=" " tag="700"><subfield code="a">Dearden, John C</subfield></datafield><datafield ind1=" " ind2=" " tag="852"><subfield code="a">47253</subfield></datafield></record></collection>